@article{PhysRevLett.70.9,
  title = {Universality and scaling in gravitational collapse of a massless scalar field},
  author = {Choptuik, Matthew W.},
  journal = {Phys. Rev. Lett.},
  volume = {70},
  issue = {1},
  pages = {9--12},
  numpages = {0},
  year = {1993},
  month = {Jan},
  publisher = {American Physical Society},
  doi = {10.1103/PhysRevLett.70.9},
  url = {https://link.aps.org/doi/10.1103/PhysRevLett.70.9}
}

@article{Arnowitt:1959ah,
      author         = "Arnowitt, Richard L. and Deser, Stanley and Misner,
                        Charles W.",
      title          = "{Dynamical Structure and Definition of Energy in General
                        Relativity}",
      journal        = "Phys. Rev.",
      volume         = "116",
      year           = "1959",
      pages          = "1322-1330",
      doi            = "10.1103/PhysRev.116.1322",
      SLACcitation   = "%%CITATION = PHRVA,116,1322;%%"
}

@book{Baumgarte:2010ndz,
      author         = "Baumgarte, Thomas W. and Shapiro, Stuart L.",
      title          = "{Numerical Relativity: Solving Einstein's Equations on
                        the Computer}",
      publisher      = "Cambridge University Press",
      year           = "2010",
      doi            = "10.1017/CBO9781139193344",
      SLACcitation   = "%%CITATION = INSPIRE-1627935;%%"
}

@phdthesis{Choptuik_1986,
      series={Retrospective Theses and Dissertations, 1919-2007},
      title={A study of numerical techniques for radiative problems in general relativity},
      url={https://open.library.ubc.ca/cIRcle/collections/831/items/1.0085044},
      DOI={http://dx.doi.org/10.14288/1.0085044},
      school={University of British Columbia}, author={Choptuik, Matthew William},
      year={1986},
      collection={Retrospective Theses and Dissertations, 1919-2007}
}

@misc{Baumgarte_private,
  author = "T. Baumgarte",
  date = "2019-07-03",
  howpublished = "Private communication"
}

@article{Baumgarte_2018,
   title={Aspherical deformations of the Choptuik spacetime},
   volume={98},
   ISSN={2470-0029},
   url={http://dx.doi.org/10.1103/PhysRevD.98.084012},
   DOI={10.1103/physrevd.98.084012},
   number={8},
   journal={Physical Review D},
   publisher={American Physical Society (APS)},
   author={Baumgarte, Thomas W.},
   year={2018},
   month={Oct}
}
